@misc{kubernetes,
  title        = {Kubernetes: Production-Grade Container Orchestration},
  author       = {{The Kubernetes Authors}},
  year         = {2024},
  howpublished = {\url{https://kubernetes.io/}},
  note         = {Acesso em 06 mai 2025}
}

@misc{minikube,
  title        = {Minikube: Run Kubernetes Locally},
  author       = {{The Kubernetes Authors}},
  year         = {2024},
  howpublished = {\url{https://minikube.sigs.k8s.io/}},
  note         = {Acesso em 06 mai 2025}
}

@misc{docker,
  title        = {Docker Engine \& Docker Desktop},
  author       = {Docker, Inc.},
  year         = {2024},
  howpublished = {\url{https://docs.docker.com/}},
  note         = {Acesso em 06 mai 2025}
}

@misc{istio,
  title        = {Istio Service Mesh},
  author       = {{The Istio Authors}},
  year         = {2024},
  howpublished = {\url{https://istio.io/}},
  note         = {Acesso em 06 mai 2025}
}

@misc{onlineboutique,
  title        = {Online Boutique (Microservices Demo)},
  author       = {{Google Cloud Platform}},
  year         = {2024},
  howpublished = {\url{https://github.com/GoogleCloudPlatform/microservices-demo}},
  note         = {Acesso em 06 mai 2025}
}

@misc{git,
  title        = {Git Version Control System},
  author       = {{The Git Community}},
  year         = {2024},
  howpublished = {\url{https://git-scm.com/}},
  note         = {Acesso em 06 mai 2025}
}

@misc{github,
  title        = {GitHub: Distributed Version Control Hosting},
  author       = {{GitHub, Inc.}},
  year         = {2024},
  howpublished = {\url{https://github.com/}},
  note         = {Acesso em 06 mai 2025}
}
